@article{holm2009euler,
  title={The Euler-Poincar{\'e} theory of metamorphosis},
  author={Holm, Darryl and Trouv{\'e}, Alain and Younes, Laurent},
  journal={Quarterly of Applied Mathematics},
  volume={67},
  number={4},
  pages={661--685},
  year={2009}
}

@article{dashti2017bayesian,
title={The Bayesian approach to inverse problems},
author={Dashti, Masoumeh and Stuart, Andrew M},
journal={Handbook of Uncertainty Quantification},
pages={311--428},
year={2017},
publisher={Springer}
}

@article{dashti2013map,
  title={MAP estimators and their consistency in Bayesian nonparametric inverse problems},
  author={Dashti, Masoumeh and Law, Kody JH and Stuart, Andrew M and Voss, Jochen},
  journal={Inverse Problems},
  volume={29},
  number={9},
  pages={095017},
  year={2013},
  publisher={IOP Publishing}
}

@article{cotter2010approximation,
  title={Approximation of Bayesian inverse problems for PDEs},
  author={Cotter, Simon L and Dashti, Massoumeh and Stuart, Andrew M},
  journal={SIAM Journal on Numerical Analysis},
  volume={48},
  number={1},
  pages={322--345},
  year={2010},
  publisher={SIAM}
}

@article{richardson2016metamorphosis,
  title={Metamorphosis of images in reproducing kernel Hilbert spaces},
  author={Richardson, Casey L and Younes, Laurent},
  journal={Advances in Computational Mathematics},
  volume={42},
  number={3},
  pages={573--603},
  year={2016},
  publisher={Springer}
}

@book{younes2010shapes,
  title={Shapes and diffeomorphisms},
  author={Younes, Laurent},
  volume={171},
  year={2010},
  publisher={Springer Science \& Business Media}
}

@article{cotter2013mcmc,
  title={MCMC methods for functions: modifying old algorithms to make them faster},
  author={Cotter, Simon L and Roberts, Gareth O and Stuart, Andrew M and White, David},
  journal={Statistical Science},
  pages={424--446},
  year={2013},
  publisher={JSTOR}
}

@article{arnold1966geometrie,
  title={Sur la g{\'e}om{\'e}trie diff{\'e}rentielle des groupes de Lie de dimension infinie et ses applicationsa l’hydrodynamique des fluides parfaits},
  author={Arnold, Vladimir I},
  journal={Ann. Inst. Fourier},
  volume={16},
  number={1},
  pages={319--361},
  year={1966}
}

@article{beg2005computing,
  title={Computing large deformation metric mappings via geodesic flows of diffeomorphisms},
  author={Beg, M Faisal and Miller, Michael I and Trouv{\'e}, Alain and Younes, Laurent},
  journal={{International Journal of Computer Vision}},
  volume={61},
  number={2},
  pages={139--157},
  year={2005},
  publisher={Springer}
}

@article{miller2006geodesic,
  title={Geodesic shooting for Computational Anatomy},
  author={Miller, Michael I and Trouv{\'e}, Alain and Younes, Laurent},
  journal={{Journal of Mathematical Imaging and Vision}},
  volume={24},
  number={2},
  pages={209--228},
  year={2006},
  publisher={Springer}
}

@article{trouve1998diffeomorphisms,
  title={Diffeomorphisms groups and pattern matching in image analysis},
  author={Trouv{\'e}, Alain},
  journal={International Journal of Computer Vision},
  volume={28},
  number={3},
  pages={213--221},
  year={1998},
  publisher={Springer}
}

@article{trouve1995infinite,
  title={An infinite dimensional group approach for physics based models in pattern recognition},
  author={Trouv{\'e}, Alain},
  journal={{Preprint}},
  year={1995}
}

@article{trouve2005metamorphoses,
  title={{Metamorphoses through Lie group action}},
  author={Trouv{\'e}, Alain and Younes, Laurent},
  journal={Foundations of Computational Mathematics},
  volume={5},
  number={2},
  pages={173--198},
  year={2005},
  publisher={Springer}
}

@article{trouve2005local,
  title={Local geometry of deformable templates},
  author={Trouv{\'e}, Alain and Younes, Laurent},
  journal={{SIAM Journal on Mathematical Analysis}},
  volume={37},
  number={1},
  pages={17--59},
  year={2005},
  publisher={SIAM}
}

@article{miller2001group,
  title={Group actions, homeomorphisms, and matching: A general framework},
  author={Miller, Michael I. and Younes, Laurent},
  journal={International Journal of Computer Vision},
  volume={41},
  number={1-2},
  pages={61--84},
  year={2001},
  publisher={Springer}
}

@article{miller2002metrics,
  title={On the metrics and Euler-Lagrange equations of computational anatomy},
  author={Miller, Michael I and Trouv{\'e}, Alain and Younes, Laurent},
  journal={{Annual Review of Biomedical Engineering}},
  volume={4},
  number={1},
  pages={375--405},
  year={2002},
  publisher={Annual Reviews 4139 El Camino Way, PO Box 10139, Palo Alto, CA 94303-0139, USA}
}

@article{grenander1994representations,
  title={Representations of knowledge in complex systems},
  author={Grenander, Ulf and Miller, Michael I},
  journal={Journal of the Royal Statistical Society. Series B (Methodological)},
  pages={549--603},
  year={1994},
  publisher={JSTOR}
}

@article{grenander1998computational,
  title={Computational anatomy: An emerging discipline},
  author={Grenander, Ulf and Miller, Michael I},
  journal={Quarterly of applied mathematics},
  volume={56},
  number={4},
  pages={617--694},
  year={1998}
}

@article{team2016theano,
  title={Theano: A Python framework for fast computation of mathematical expressions},
  author={Team, The Theano Development and Al-Rfou, Rami and Alain, Guillaume and Almahairi, Amjad and Angermueller, Christof and Bahdanau, Dzmitry and Ballas, Nicolas and Bastien, Fr{\'e}d{\'e}ric and Bayer, Justin and Belikov, Anatoly and others},
  journal={arXiv preprint arXiv:1605.02688},
  year={2016}
}

@incollection{guo2006diffeomorphic,
  title={Diffeomorphic point matching},
  author={Guo, Hongyu and Rangarajan, Anand and Joshi, S},
  booktitle={Handbook of Mathematical Models in Computer Vision},
  pages={205--219},
  year={2006},
  publisher={Springer}
}

@unpublished{bockarnaudoncotter2019,
author = "Bock, Andreas and Arnaudon, Alexis and Cotter, Colin ",
title = "Selective metamorphosis for growth modelling",
note = "In preparation",
}

@article{cotter2013bayesian,
  title={Bayesian data assimilation in shape registration},
  author={Cotter, Colin John and Cotter, Simon L and Vialard, Fran{\c{c}}ois-Xavier},
  journal={Inverse Problems},
  volume={29},
  number={4},
  pages={045011},
  year={2013},
  publisher={IOP Publishing}
}

@article{kaltenmark2017existence,
  title={Existence and Continuity of Minimizers for the Estimation of Growth Mapped Evolutions for Current Data Term and Couterexamples for Varifold Data Term},
  author={Kaltenmark, Irène and Trouv{\'e}, Alain},
  year={2017}
}

@article{kaltenmark2017estimation,
  title={Estimation of a Growth Development with Partial Diffeomorphic Mappings},
  author={Kaltenmark, Irène and Trouv{\'e}, Alain},
  year={2017}
}

@inproceedings{kaltenmark2016partial,
  title={Partial Matchings and Growth Mapped Evolutions in Shape Spaces},
  author={Kaltenmark, Irene and Trouv{\'e}, Alain},
  booktitle={Proceedings of the IEEE Conference on Computer Vision and Pattern Recognition Workshops},
  pages={28--36},
  year={2016}
}

@phdthesis{kaltenmark2016geometrical,
  title={Geometrical Growth Models for Computational Anatomy},
  author={Kaltenmark, Irène},
  year={2016},
  school={Universit{\'e} Paris-Saclay}
}

@article{bruveris2014completeness,
  title={On completeness of groups of diffeomorphisms},
  author={Bruveris, Martins and Vialard, Fran{\c{c}}ois-Xavier},
  journal={arXiv preprint arXiv:1403.2089},
  year={2014}
}

@book{goriely2017mathematics,
  title={The mathematics and mechanics of biological growth},
  author={Goriely, Alain},
  volume={45},
  year={2017},
  publisher={Springer}
}
