@article{dashti2017bayesian,
title={The Bayesian approach to inverse problems},
author={Dashti, Masoumeh and Stuart, Andrew M},
journal={Handbook of Uncertainty Quantification},
pages={311--428},
year={2017},
publisher={Springer}
}

@article{dashti2013map,
  title={MAP estimators and their consistency in Bayesian nonparametric inverse problems},
  author={Dashti, Masoumeh and Law, Kody JH and Stuart, Andrew M and Voss, Jochen},
  journal={Inverse Problems},
  volume={29},
  number={9},
  pages={095017},
  year={2013},
  publisher={IOP Publishing}
}
